<record xmlns="http://www.loc.gov/MARC21/slim" xmlns:xsi="http://www.w3.org/2001/XMLSchema-instance" xsi:schemaLocation="http://www.loc.gov/MARC21/slim http://www.loc.gov/standards/marcxml/schema/MARC21slim.xsd"><leader>00435cz   2200169n  4500</leader><controlfield tag="001">oca00550060 </controlfield><controlfield tag="005">20020502133140.0</controlfield><controlfield tag="008">810126n| acannaab           |a aaa      </controlfield><datafield ind1=" " ind2=" " tag="010"><subfield code="a">n  81003957 </subfield></datafield><datafield ind1=" " ind2=" " tag="040"><subfield code="a">DLC</subfield><subfield code="c">DLC</subfield><subfield code="d">DLC</subfield></datafield><datafield ind1="0" ind2=" " tag="100"><subfield code="a">Stesichorus</subfield></datafield><datafield ind1="0" ind2=" " tag="400"><subfield code="a">Teisias</subfield></datafield><datafield ind1="0" ind2=" " tag="400"><subfield code="a">Tisias</subfield></datafield><datafield ind1="0" ind2=" " tag="400"><subfield code="a">SteÌ&#x84;sichoros</subfield></datafield><datafield ind1="0" ind2=" " tag="400"><subfield code="a">Stesicoro</subfield></datafield><datafield ind1=" " ind2=" " tag="670"><subfield code="a">[Pindarus] Pindari Olympia Pythia ... 1566.</subfield></datafield><datafield ind1=" " ind2=" " tag="670"><subfield code="a">Stesicoro, c1984:</subfield><subfield code="b">t.p. (Stesicoro)</subfield></datafield></record>